

,-------------------.
|     PREAMBLE      |
`-------------------'

@preamble{ "\providecommand{\noopsort}[1]{}
           \providecommand{\singleletter}[1]{#1}
           \providecommand{\noopsort}[1]{}
           \providecommand{\singleletter}[1]{#1} "
}

,-------------------.
|  BIBTEX ENTRIES   |
`-------------------'

@article{blanchardFinite,
  author =        {Blanchard, Olivier J.},
  journal =       {Journal of Political Economy},
  month =         {April},
  number =        {2},
  pages =         {223--247},
  title =         {Debt, Deficits, and Finite Horizons},
  volume =        {93},
  year =          {1985},
}

@techreport{carrollTractable,
  author =        {Carroll, Christopher D.},
  institution =   {Johns Hopkins University},
  note =          {At
  {\url{http://econ.jhu.edu/people/ccarroll/public/lecturenotes/consumption}}},
  title =         {Lecture Notes: A Tractable Model of Buffer Stock
                   Saving},
  year =          {2016},
  url =           {http://econ.jhu.edu/people/ccarroll/public/lecturenotes/
                  consumption/TractableBufferStock.pdf},
}

